@inproceedings{castiglioni2003interpolation,
  title={Interpolation technique for extracting features from ECG signals sampled at low sampling rates},
  author={Castiglioni, P and Piccini, L and Di Rienzo, M},
  booktitle={Computers in Cardiology, 2003},
  pages={481--484},
  year={2003},
  organization={IEEE}
}

@article{roy2023ecg,
  title={ECG-NET: A deep LSTM autoencoder for detecting anomalous ECG},
  author={Roy, Moumita and Majumder, Sukanta and Halder, Anindya and Biswas, Utpal},
  journal={Engineering Applications of Artificial Intelligence},
  volume={124},
  pages={106484},
  year={2023},
  publisher={Elsevier}
}

@article{alamr2023unsupervised,
  title={Unsupervised transformer-based anomaly detection in ECG signals},
  author={Alamr, Abrar and Artoli, Abdelmonim},
  journal={Algorithms},
  volume={16},
  number={3},
  pages={152},
  year={2023},
  publisher={MDPI}
}
